<collection>
  <record>
    <controlfield tag="001">35</controlfield>
    <datafield tag="041" ind1=" " ind2=" ">
    <subfield code="2">DOI</subfield>
      <subfield code="a">10.7483/OPENDATA.CMS.I8HN.DF32</subfield>
    </datafield>
    <datafield tag="110" ind1=" " ind2=" ">
      <subfield code="a">CMS collaboration</subfield>
      <subfield code="w">451</subfield>
    </datafield>
    <datafield tag="245" ind1=" " ind2=" ">
      <subfield code="a">/MinimumBias/Run2011A-v1/RAW</subfield>
    </datafield>
    <datafield tag="246" ind1=" " ind2=" ">
      <subfield code="a">MinimumBias primary dataset sample in RAW format from RunA of 2011 (from /MinimumBias/Run2011A-v1/RAW)</subfield>
    </datafield>
    <datafield tag="538" ind1=" " ind2=" ">
      <subfield code="a">Recommended release for reconstruction: CMSSW_5_3_32</subfield>
      <subfield code="b">Global tag: FT_53_LV5_AN1</subfield>
    </datafield>
    <datafield tag="256" ind1=" " ind2=" ">
      <subfield code="a">Dataset</subfield>
      <subfield code="e">FIXME</subfield>
      <subfield code="t">events</subfield>
    </datafield>
    <datafield tag="256" ind1=" " ind2=" ">
      <subfield code="f">72</subfield>
      <subfield code="t">files</subfield>
    </datafield>
    <datafield tag="256" ind1=" " ind2=" ">
      <subfield code="b">FIXME</subfield>
      <subfield code="t">bytes in total</subfield>
    </datafield>
    <datafield tag="260" ind1=" " ind2=" ">
      <subfield code="b">CERN Open Data Portal</subfield>
      <subfield code="c">2017</subfield>
    </datafield>
    <datafield tag="264" ind1=" " ind2="0">
      <subfield code="c">2011</subfield>
    </datafield>
    <datafield tag="520" ind1=" " ind2=" ">
      <subfield code="a">A sample from MinimumBias primary dataset in RAW format from RunA of 2011. Run period 160957.</subfield>
    </datafield>
    <datafield tag="540" ind1=" " ind2=" ">
      <subfield code="a">CC0</subfield>
    </datafield>
    <datafield tag="556" ind1=" " ind2=" ">
      <subfield code="a">This dataset contains one run from 2011 RunA. The list of validated lumi sections, which must be applied to all analyses, can be found in</subfield>
      <subfield code="w">1001</subfield>
    </datafield>
    <datafield tag="567" ind1=" " ind2=" ">
      <subfield code="a"><![CDATA[ <p>Events stored in this primary dataset were selected because of the presence of low-energy particles (soft-QCD events).</p>
        <p><strong>Data taking / HLT</strong>
        <br/>The collision data were assigned to different RAW datasets using the following <a href="/record/1700">HLT configuration</a>.</p>
        <p><strong>HLT trigger paths</strong>
      <br/>The possible HLT trigger paths in this dataset are:
      <br/><a href="/search?p=HLT_JetE30_NoBPTX">HLT_JetE30_NoBPTX</a>
      <br/><a href="/search?p=HLT_JetE30_NoBPTX3BX_NoHalo">HLT_JetE30_NoBPTX3BX_NoHalo</a>
      <br/><a href="/search?p=HLT_JetE30_NoBPTX_NoHalo">HLT_JetE30_NoBPTX_NoHalo</a>
      <br/><a href="/search?p=HLT_JetE50_NoBPTX3BX_NoHalo">HLT_JetE50_NoBPTX3BX_NoHalo</a>
      <br/><a href="/search?p=HLT_L1Tech_BSC_minBias_threshold1">HLT_L1Tech_BSC_minBias_threshold1</a>
      <br/><a href="/search?p=HLT_Physics">HLT_Physics</a>
      <br/><a href="/search?p=HLT_PixelTracks_Multiplicity100">HLT_PixelTracks_Multiplicity100</a>
      <br/><a href="/search?p=HLT_PixelTracks_Multiplicity110">HLT_PixelTracks_Multiplicity110</a>
      <br/><a href="/search?p=HLT_PixelTracks_Multiplicity125">HLT_PixelTracks_Multiplicity125</a>
      <br/><a href="/search?p=HLT_PixelTracks_Multiplicity80">HLT_PixelTracks_Multiplicity80</a>
      <br/><a href="/search?p=HLT_Random">HLT_Random</a>
      <br/><a href="/search?p=HLT_ZeroBias">HLT_ZeroBias</a></p> ]]></subfield>
    </datafield>
    <datafield tag="583" ind1=" " ind2=" ">
      <subfield code="a">During data taking all the runs recorded by CMS are certified as good for physics analysis if all subdetectors, trigger, lumi and physics objects (tracking, electron, muon, photon, jet and MET) show the expected performance. Certification is based first on the offline shifters evaluation and later on the feedback provided by detector and Physics Object Group experts. Based on the above information, which is stored in a specific database called Run Registry, the Data Quality Monitoring group verifies the consistency of the certification and prepares a json file of certified runs to be used for physics analysis. For each reprocessing of the raw data, the above mentioned steps are repeated. For more information see:</subfield>
      <subfield code="u">http://iopscience.iop.org/1742-6596/219/7/072020/pdf/1742-6596_219_7_072020.pdf</subfield>
      <subfield code="y">CMS data quality monitoring: Systems and experiences</subfield>
    </datafield>
    <datafield tag="583" ind1=" " ind2=" ">
      <subfield code="u">http://cds.cern.ch/record/1631039/files/CR2013_418.pdf</subfield>
      <subfield code="y">The CMS Data Quality Monitoring software experience and future improvements</subfield>
    </datafield>
    <datafield tag="583" ind1=" " ind2=" ">
      <subfield code="u">http://iopscience.iop.org/1742-6596/513/3/032024/pdf/1742-6596_513_3_032024.pdf</subfield>
      <subfield code="y">The CMS data quality monitoring software: experience and future prospects</subfield>
    </datafield>
    <datafield tag="581" ind1=" " ind2=" ">
      <subfield code="a"><![CDATA[<p> These data are in RAW format and not directly usable in analysis. The reconstructed data reprocessed from these RAW data are included in the data of <a href="/record/24">this record</a>. 
      The reconstruction step can be repeated with the code available in <a href="/record/463">Validation code for reprocessing AOD from 2011 MinimumBias RAW sample</a> and the resulting AOD has been confirmed to be identical with the original one with comparison code available in <a href="/record/464">Validation code to plot basic physics objects from AOD</a></p> ]]></subfield>
    </datafield>  
    <datafield tag="693" ind1=" " ind2=" ">
      <subfield code="a">CERN-LHC</subfield>
      <subfield code="e">CMS</subfield>
    </datafield>
    <datafield tag="942" ind1=" " ind2=" ">
      <subfield code="e">Collision energy: 7TeV</subfield>
    </datafield>
    <datafield tag="964" ind1=" " ind2="0">
      <subfield code="c">Run2011A</subfield>
    </datafield>
    <datafield tag="980" ind1=" " ind2=" ">
      <subfield code="a">CMS-Primary-Datasets</subfield>
    </datafield>
    <datafield tag="980" ind1=" " ind2=" ">
      <subfield code="b">Research</subfield>
    </datafield>
